<record><leader>00000cas a22000007a 4500</leader><controlfield tag="001">13664574</controlfield><controlfield tag="008">860530d18971903inuwr ne      0    0eng d</controlfield><datafield ind1=" " ind2=" " tag="010"><subfield code="a">sn 86058568 </subfield></datafield><datafield ind1=" " ind2=" " tag="040"><subfield code="a">NPI</subfield><subfield code="b">eng</subfield><subfield code="c">NPI</subfield><subfield code="d">OCLCQ</subfield></datafield><datafield ind1=" " ind2=" " tag="042"><subfield code="a">msc</subfield></datafield><datafield ind1="0" ind2=" " tag="130"><subfield code="a">New Castle tribune (New Castle, Ind. : 1897)</subfield></datafield><datafield ind1="1" ind2="0" tag="245"><subfield code="a">New Castle tribune.</subfield></datafield><datafield ind1=" " ind2=" " tag="260"><subfield code="a">New Castle, Ind. :</subfield><subfield code="b">Tribune Print. Co.,</subfield><subfield code="c">1897-</subfield></datafield><datafield ind1=" " ind2=" " tag="300"><subfield code="a">v. :</subfield><subfield code="b">ill. (chiefly advertisements) ;</subfield><subfield code="c">55-61 cm.</subfield></datafield><datafield ind1=" " ind2=" " tag="310"><subfield code="a">Weekly</subfield></datafield><datafield ind1="0" ind2=" " tag="362"><subfield code="a">First year, no. 1 (Nov. 5, 1897)-</subfield></datafield><datafield ind1="1" ind2=" " tag="362"><subfield code="a">Ceased in 1903.</subfield></datafield><datafield ind1=" " ind2=" " tag="580"><subfield code="a">Also published in a daily ed. called: New Castle daily tribune.</subfield></datafield><datafield ind1=" " ind2=" " tag="580"><subfield code="a">Absorbed: Henry County Republican (New Castle, Ind. : 1895) in 1900.</subfield></datafield><datafield ind1=" " ind2=" " tag="580"><subfield code="a">May have had Spiceland edition called: Spiceland gazette.</subfield></datafield><datafield ind1=" " ind2=" " tag="752"><subfield code="a">United States</subfield><subfield code="b">Indiana</subfield><subfield code="c">Henry</subfield><subfield code="d">New Castle.</subfield></datafield><datafield ind1="1" ind2=" " tag="775"><subfield code="t">New Castle daily tribune</subfield><subfield code="w">(DLC)sn 87056745</subfield></datafield><datafield ind1="0" ind2="5" tag="780"><subfield code="t">Henry County Republican (New Castle, Ind. : 1895)</subfield><subfield code="w">(DLC)sn 86058574</subfield></datafield><datafield ind1="0" ind2="5" tag="780"><subfield code="t">Daily press (New Castle, Ind. : 1895)</subfield><subfield code="w">(DLC)sn 86058575</subfield></datafield><datafield ind1="0" ind2="1" tag="785"><subfield code="t">Tuesday tribune</subfield><subfield code="w">(DLC)sn 86058571</subfield></datafield><datafield ind1="0" ind2="1" tag="785"><subfield code="t">Friday tribune</subfield><subfield code="w">(DLC)sn 86058572</subfield></datafield><datafield ind1="1" ind2=" " tag="787"><subfield code="t">Spiceland gazette</subfield><subfield code="w">(DLC)sn 86058567</subfield></datafield></record>